<?xml version="1.0" encoding="UTF-8"?><collection xmlns="http://www.loc.gov/MARC21/slim"><record><leader>00567nam--2200169-i-4500</leader><controlfield tag="001">000030207</controlfield><controlfield tag="002">20161230</controlfield><controlfield tag="005">20161230201038</controlfield><controlfield tag="008">060222s1000------------r-----000-0-eng-d</controlfield><datafield ind1=" " ind2=" " tag="040"><subfield code="a">IFIN-HH</subfield></datafield><datafield ind1=" " ind2=" " tag="080"><subfield code="a">539.143.43(043)</subfield></datafield><datafield ind1="1" ind2=" " tag="100"><subfield code="a">Miller, Norman Carlie</subfield></datafield><datafield ind1="1" ind2="0" tag="245"><subfield code="a">First order electric quadrupole splitting of na23 nuclear magnetic resonance in ferroelectric rochelle salt</subfield><subfield code="b">Dissertation</subfield><subfield code="c">Norman carlie miller</subfield></datafield><datafield ind1=" " ind2=" " tag="260"><subfield code="a">An Arbor, Michigan</subfield><subfield code="b">University Microfilms, Inc</subfield><subfield code="c">1965</subfield></datafield><datafield ind1=" " ind2=" " tag="300"><subfield code="a">X+114P</subfield></datafield><datafield ind1=" " ind2=" " tag="852"><subfield code="a">32342</subfield><subfield code="c">539.143.43</subfield></datafield><datafield ind1=" " ind2=" " tag="CAT"><subfield code="a">Sys</subfield><subfield code="c">20120504</subfield><subfield code="h">093423</subfield></datafield></record></collection>